@book{harris2004introduction,
  title={An Introduction to the Theory of the Boltzmann Equation},
  author={Harris, S.},
  isbn={9780486438313},
  lccn={2004050198},
  series={Dover books on physics},
  url={https://books.google.de/books?id=KfYK1lyq3VYC},
  year={2004},
  publisher={Dover Publications}
},
@article{d1994generalized,
  title={Generalized lattice-Boltzmann equations},
  author={d'Humieres, Dominique},
  journal={Rarefied gas dynamics- Theory and simulations},
  pages={450--458},
  year={1994}
},
@article{geier2015cumulant,
  title={The cumulant lattice Boltzmann equation in three dimensions: Theory and validation},
  author={Geier, Martin and Sch{\"o}nherr, Martin and Pasquali, Andrea and Krafczyk, Manfred},
  journal={Computers \& Mathematics with Applications},
  volume={70},
  number={4},
  pages={507--547},
  year={2015},
  publisher={Elsevier}
},
@book{wolf2000lattice,
  title={Lattice-gas cellular automata and lattice Boltzmann models: An Introduction},
  author={Wolf-Gladrow, Dieter A},
  year={2000},
  publisher={Springer Science \& Business Media}
},
@book{hirschfelder1964molecular,
  title={Molecular theory of gases and liquids [by] Joseph O. Hirschfelder, Charles F. Curtiss [and] R. Byron Bird, with the assistance of the staff of the former University of Wisconsin Naval Research Laboratory: Corrected printing with notes added},
  author={Hirschfelder, J.O.},
  url={https://books.google.de/books?id=wtg9AQAAIAAJ},
  year={1964},
  publisher={Wiley}
}
